
@book{meyer2018photosynthese,
  author = {Meyer, Thomas},
  title = {Photosynthese leicht erklärt},
  year = {2018},
  publisher = {Wissenschaftsverlag Berlin}
}

@article{schmidt2015chlorophyll,
  author = {Schmidt, Anna},
  title = {Chlorophyll und seine Wirkung},
  journal = {Biologie Heute},
  year = {2015},
  volume = {48},
  number = {3},
  pages = {123--130}
}

@book{weber2016farbpsychologie,
  author = {Weber, Petra},
  title = {Farbpsychologie: Wirkung von Farben in Kultur und Alltag},
  year = {2016},
  publisher = {Springer Fachmedien}
}

@book{fischer2010farbe,
  author = {Fischer, Bernd},
  title = {Die Farbe in Sprache und Kultur},
  year = {2010},
  publisher = {UTB Verlag}
}

@article{zhao2012chlorophyll,
  author = {Zhao, Lihua and Wang, Yuchen},
  title = {Efficiency of chlorophyll in energy conversion in higher plants},
  journal = {Plant Science Reports},
  year = {2012},
  volume = {34},
  number = {2},
  pages = {98--104}
}

@article{gao2010lightabsorption,
  author = {Gao, Qiang and Li, Shufen},
  title = {Light absorption and heat dissipation in chlorophyll-containing tissues},
  journal = {Journal of Experimental Botany},
  year = {2010},
  volume = {61},
  number = {4},
  pages = {1109--1117}
}

@article{renoult2017evolution,
  author = {Renoult, Julien P. and Mendelson, Tamra C.},
  title = {The evolution of visual sensitivity and its relevance for understanding plant coloration},
  journal = {Trends in Ecology \& Evolution},
  year = {2017},
  volume = {32},
  number = {8},
  pages = {573--585}
}

@book{vanhelmont1648,
  author    = {van Helmont, Jan Baptist},
  title     = {Ortus medicinae},
  year      = {1648},
  note      = {Willow tree experiment; posthum veröffentlicht}
}

@misc{priestley1772_acs,
  author    = {American Chemical Society},
  title     = {Joseph Priestley, Discoverer of Oxygen (National Historic Chemical Landmark)},
  year      = {2012},
  url       = {https://www.acs.org/education/whatischemistry/landmarks/josephpriestleyoxygen.html},
  urldate   = {2025-10-04}
}

@book{ingenhousz1779,
  author    = {Ingenhousz, Jan},
  title     = {Experiments upon Vegetables: discovering their great power of purifying the common air in the sun-shine, and of injuring it in the shade and at night},
  year      = {1779},
  address   = {London},
  publisher = {P. Elmsly and H. Payne},
  url       = {https://www.loc.gov/item/18000763/},
  urldate   = {2025-10-04}
}

@misc{senebier_britannica,
  author    = {Encyclopaedia Britannica},
  title     = {Jean Senebier},
  year      = {2025},
  url       = {https://www.britannica.com/biography/Jean-Senebier},
  urldate   = {2025-10-04}
}

@book{desaussure1804,
  author    = {de Saussure, Nicolas-Th{\'e}odore},
  title     = {Recherches chimiques sur la v{\'e}g{\'e}tation},
  year      = {1804}
}

@misc{engelmann1882_summary,
  author    = {MikroBalpina},
  title     = {Engelmanns Bakterienversuch},
  year      = {2023},
  url       = {https://www.mikrobalpina.org/en/lexikon/engelmannschen-bakterienversuch/},
  urldate   = {2025-10-04},
  note      = {Zusammenfassung des klassischen Experiments}
}

@article{hill1937,
  author    = {Hill, Robin},
  title     = {Oxygen evolved by isolated chloroplasts},
  journal   = {Nature},
  year      = {1937}
}

@article{bassham1950,
  author    = {Bassham, J. A. and Benson, A. A. and Calvin, M.},
  title     = {The path of carbon in photosynthesis},
  journal   = {Journal of Biological Chemistry},
  year      = {1950},
  volume    = {185},
  number    = {2},
  pages     = {781--787}
}

